%! Author = ashutosh
%! Date = 9/12/22

