@article{DBLP:journals/corr/abs-2108-11482,
  title        = {{ETA} Prediction with Graph Neural Networks in Google Maps},
  author       = {Austin Derrow{-}Pinion and Jennifer She and David Wong and Oliver Lange and Todd Hester and Luis Perez and Marc Nunkesser and Seongjae Lee and Xueying Guo and Brett Wiltshire and Peter W. Battaglia and Vishal Gupta and Ang Li and Zhongwen Xu and Alvaro Sanchez{-}Gonzalez and Yujia Li and Petar Velickovic},
  year         = 2021,
  journal      = {CoRR},
  volume       = {abs/2108.11482},
  url          = {https://arxiv.org/abs/2108.11482},
  eprinttype   = {arXiv},
  eprint       = {2108.11482},
  timestamp    = {Fri, 13 May 2022 22:45:41 +0200},
  biburl       = {https://dblp.org/rec/journals/corr/abs-2108-11482.bib},
  bibsource    = {dblp computer science bibliography, https://dblp.org},
}
@article{Mirhoseini2021AGP,
  title        = {A graph placement methodology for fast chip design},
  author       = {Azalia Mirhoseini and Anna Goldie and Mustafa Yazgan and Joe Wenjie Jiang and Ebrahim M. Songhori and Shen Wang and Young-Joon Lee and Eric Johnson and Omkar Pathak and Azade Nazi and Jiwoo Pak and Andy Tong and Kavya Srinivasa and Will Hang and Emre Tuncer and Quoc V. Le and James Laudon and Richard Ho and Roger Carpenter and Jeff Dean},
  year         = 2021,
  journal      = {Nature},
  volume       = {594 7862},
  pages        = {207--212},
}
@inproceedings{bourliBiasKnowledgeGraph2020,
  title        = {Bias in Knowledge Graph Embeddings},
  author       = {Bourli, Styliani and Pitoura, Evaggelia},
  booktitle    = {2020 {IEEE}/{ACM} International Conference on Advances in Social Networks Analysis and Mining ({ASONAM})},
  pages        = {6--10},
  doi          = {10.1109/ASONAM49781.2020.9381459},
  note         = {{ISSN}: 2473-991X},
  eventtitle   = {2020 {IEEE}/{ACM} International Conference on Advances in Social Networks Analysis and Mining ({ASONAM})},
  date         = {2020-12},
}
@inproceedings{10.1145/1134271.1134277,
  title        = {{ The Political Blogosphere and the 2004 U.S. Election: Divided They Blog }},
  author       = {Adamic, Lada A. and Glance, Natalie},
  year         = 2005,
  booktitle    = {Proceedings of the 3rd International Workshop on Link Discovery},
  location     = {Chicago, Illinois},
  publisher    = {Association for Computing Machinery},
  address      = {New York, NY, USA},
  series       = {LinkKDD '05},
  pages        = {36–43},
  doi          = {10.1145/1134271.1134277},
  isbn         = 1595932151,
  url          = {https://doi.org/10.1145/1134271.1134277},
  numpages     = 8,
  keywords     = {social networks, link analysis, political blogs},
}
@inproceedings{10.1145/3442188.3445922,
  title        = {On the Dangers of Stochastic Parrots: Can Language Models Be Too Big? ��},
  author       = {Bender, Emily M. and Gebru, Timnit and McMillan-Major, Angelina and Shmitchell, Shmargaret},
  year         = 2021,
  booktitle    = {Proceedings of the 2021 ACM Conference on Fairness, Accountability, and Transparency},
  location     = {Virtual Event, Canada},
  publisher    = {Association for Computing Machinery},
  address      = {New York, NY, USA},
  series       = {FAccT '21},
  pages        = {610–623},
  doi          = {10.1145/3442188.3445922},
  isbn         = 9781450383097,
  url          = {https://doi.org/10.1145/3442188.3445922},
  numpages     = 14,
}
@article{DBLP:journals/corr/BolukbasiCZSK16a,
  title        = {Man is to Computer Programmer as Woman is to Homemaker? Debiasing Word Embeddings},
  author       = {Tolga Bolukbasi and Kai{-}Wei Chang and James Y. Zou and Venkatesh Saligrama and Adam Kalai},
  year         = 2016,
  journal      = {CoRR},
  volume       = {abs/1607.06520},
  url          = {http://arxiv.org/abs/1607.06520},
  eprinttype   = {arXiv},
  eprint       = {1607.06520},
  timestamp    = {Mon, 13 Aug 2018 16:46:57 +0200},
  biburl       = {https://dblp.org/rec/journals/corr/BolukbasiCZSK16a.bib},
  bibsource    = {dblp computer science bibliography, https://dblp.org},
}
@article{DBLP:journals/corr/HamiltonYL17,
  title        = {Inductive Representation Learning on Large Graphs},
  author       = {William L. Hamilton and Rex Ying and Jure Leskovec},
  year         = 2017,
  journal      = {CoRR},
  volume       = {abs/1706.02216},
  url          = {http://arxiv.org/abs/1706.02216},
  eprinttype   = {arXiv},
  eprint       = {1706.02216},
  timestamp    = {Mon, 13 Aug 2018 16:46:12 +0200},
  biburl       = {https://dblp.org/rec/journals/corr/HamiltonYL17.bib},
  bibsource    = {dblp computer science bibliography, https://dblp.org},
}
@article{DBLP:journals/corr/HardtPS16,
  title        = {Equality of Opportunity in Supervised Learning},
  author       = {Moritz Hardt and Eric Price and Nathan Srebro},
  year         = 2016,
  journal      = {CoRR},
  volume       = {abs/1610.02413},
  url          = {http://arxiv.org/abs/1610.02413},
  eprinttype   = {arXiv},
  eprint       = {1610.02413},
  timestamp    = {Tue, 26 Apr 2022 09:17:17 +0200},
  biburl       = {https://dblp.org/rec/journals/corr/HardtPS16.bib},
  bibsource    = {dblp computer science bibliography, https://dblp.org},
}
@article{DBLP:journals/corr/abs-1102-2166,
  title        = {Social Structure of Facebook Networks},
  author       = {Amanda L. Traud and Peter J. Mucha and Mason A. Porter},
  year         = 2011,
  journal      = {CoRR},
  volume       = {abs/1102.2166},
  url          = {http://arxiv.org/abs/1102.2166},
  eprinttype   = {arXiv},
  eprint       = {1102.2166},
  timestamp    = {Mon, 13 Aug 2018 16:48:01 +0200},
  biburl       = {https://dblp.org/rec/journals/corr/abs-1102-2166.bib},
  bibsource    = {dblp computer science bibliography, https://dblp.org},
}
@article{DBLP:journals/corr/abs-1903-03862,
  title        = {Lipstick on a Pig: Debiasing Methods Cover up Systematic Gender Biases in Word Embeddings But do not Remove Them},
  author       = {Hila Gonen and Yoav Goldberg},
  year         = 2019,
  journal      = {CoRR},
  volume       = {abs/1903.03862},
  url          = {http://arxiv.org/abs/1903.03862},
  eprinttype   = {arXiv},
  eprint       = {1903.03862},
  timestamp    = {Sun, 31 Mar 2019 19:01:24 +0200},
  biburl       = {https://dblp.org/rec/journals/corr/abs-1903-03862.bib},
  bibsource    = {dblp computer science bibliography, https://dblp.org},
}
@article{DBLP:journals/corr/abs-2107-10251,
  title        = {Using Adversarial Debiasing to Remove Bias from Word Embeddings},
  author       = {Dana Kenna},
  year         = 2021,
  journal      = {CoRR},
  volume       = {abs/2107.10251},
  url          = {https://arxiv.org/abs/2107.10251},
  eprinttype   = {arXiv},
  eprint       = {2107.10251},
  timestamp    = {Thu, 29 Jul 2021 16:14:15 +0200},
  biburl       = {https://dblp.org/rec/journals/corr/abs-2107-10251.bib},
  bibsource    = {dblp computer science bibliography, https://dblp.org},
}
@misc{Dyer2014,
  title        = {Notes on Noise Contrastive Estimation and Negative Sampling},
  author       = {Dyer, Chris},
  year         = 2014,
  publisher    = {arXiv},
  number       = {{arXiv}:1410.8251},
  doi          = {10.48550/ARXIV.1410.8251},
  url          = {https://arxiv.org/abs/1410.8251},
  urldate      = {2022-06-30},
  copyright    = {arXiv.org perpetual, non-exclusive license},
  keywords     = {Machine Learning (cs.LG), FOS: Computer and information sciences, FOS: Computer and information sciences},
  date         = {2014-10-30},
  eprinttype   = {arxiv},
  eprint       = {1410.8251 [cs]},
}
@article{Edwards2015CensoringRW,
  title        = {Censoring Representations with an Adversary},
  author       = {Harrison Edwards and Amos J. Storkey},
  year         = 2015,
  journal      = {CoRR},
  volume       = {abs/1511.05897},
}
@inreference{GenderBiasWikipedia2022,
  title        = {Gender bias on Wikipedia},
  booktitle    = {Wikipedia},
  url          = {https://en.wikipedia.org/w/index.php?title=Gender_bias_on_Wikipedia&oldid=1128262996},
  urldate      = {2023-01-03},
  note         = {Page Version {ID}: 1128262996},
  rights       = {Creative Commons Attribution-{ShareAlike} License},
  date         = {2022-12-19},
  langid       = {english},
}
@online{GoogleFixesTranslate2018,
  title        = {Google fixes Translate tool after accusations of sexism},
  url          = {https://www.independent.co.uk/life-style/women/google-translate-sexist-masculine-feminine-he-said-she-said-english-spanish-languages-a8672586.html},
  urldate      = {2023-01-03},
  note         = {Section: Lifestyle},
  titleaddon   = {The Independent},
  date         = {2018-12-07},
  langid       = {english},
}
@inproceedings{Gutmann2010,
  title        = {Noise-contrastive estimation: A new estimation principle for unnormalized statistical models},
  shorttitle   = {Noise-contrastive estimation},
  author       = {Gutmann, Michael and Hyvärinen, Aapo},
  year         = 2010,
  month        = {13--15 May},
  booktitle    = {Proceedings of the Thirteenth International Conference on Artificial Intelligence and Statistics},
  publisher    = {PMLR},
  address      = {Chia Laguna Resort, Sardinia, Italy},
  series       = {Proceedings of Machine Learning Research},
  volume       = 9,
  pages        = {297--304},
  url          = {https://proceedings.mlr.press/v9/gutmann10a.html},
  urldate      = {2022-06-30},
  note         = {{ISSN}: 1938-7228},
  editor       = {Teh, Yee Whye and Titterington, Mike},
  pdf          = {http://proceedings.mlr.press/v9/gutmann10a/gutmann10a.pdf},
  eventtitle   = {Proceedings of the Thirteenth International Conference on Artificial Intelligence and Statistics},
  date         = {2010-03-31},
  langid       = {english},
}
@article{Jumper2021HighlyAP,
  title        = {Highly accurate protein structure prediction with AlphaFold},
  author       = {John M. Jumper and Richard Evans and Alexander Pritzel and Tim Green and Michael Figurnov and Olaf Ronneberger and Kathryn Tunyasuvunakool and Russ Bates and Augustin Z{\'i}dek and Anna Potapenko and Alex Bridgland and Clemens Meyer and Simon A A Kohl and Andy Ballard and Andrew Cowie and Bernardino Romera-Paredes and Stanislav Nikolov and Rishub Jain and Jonas Adler and Trevor Back and Stig Petersen and David A. Reiman and Ellen Clancy and Michal Zielinski and Martin Steinegger and Michalina Pacholska and Tamas Berghammer and Sebastian Bodenstein and David Silver and Oriol Vinyals and Andrew W. Senior and Koray Kavukcuoglu and Pushmeet Kohli and Demis Hassabis},
  year         = 2021,
  journal      = {Nature},
  volume       = 596,
  pages        = {583--589},
}
@misc{OpenFlig19:online,
  title        = {OpenFlights: Airport and airline data},
  note         = {(Accessed on 01/12/2023)},
  howpublished = {\url{https://openflights.org/data.html}},
}
@inproceedings{SocialOrganizationalNetwork,
	title = {{KONECT} -- {The} {Koblenz} {Network} {Collection}},
	author = {J\'{e}r\^{o}me Kunegis},
	year = {2013},
	booktitle = {Proc. Int. Conf. on World Wide Web Companion},
	pages = {1343--1350},
	url = {http://dl.acm.org/citation.cfm?id=2488173},
}
@inproceedings{boseCompositionalFairnessConstraints2019,
  title        = {Compositional Fairness Constraints for Graph Embeddings},
  author       = {Bose, Avishek and Hamilton, William},
  booktitle    = {Proceedings of the 36th International Conference on Machine Learning},
  publisher    = {{PMLR}},
  pages        = {715--724},
  url          = {https://proceedings.mlr.press/v97/bose19a.html},
  urldate      = {2022-07-26},
  note         = {{ISSN}: 2640-3498},
  eventtitle   = {International Conference on Machine Learning},
  date         = {2019-05-24},
  langid       = {english},
}
@inproceedings{conf/icdm/KamiranKVG12,
  title        = {Classifying Socially Sensitive Data Without Discrimination: An Analysis of a Crime Suspect Dataset.},
  author       = {Kamiran, Faisal and Karim, Asim and Verwer, Sicco and Goudriaan, Heike},
  year         = 2012,
  booktitle    = {ICDM Workshops},
  publisher    = {IEEE Computer Society},
  pages        = {370--377},
  isbn         = {978-1-4673-5164-5},
  url          = {http://dblp.uni-trier.de/db/conf/icdm/icdmw2012.html#KamiranKVG12},
  added-at     = {2017-05-26T00:00:00.000+0200},
  biburl       = {https://www.bibsonomy.org/bibtex/2c98674a5f61078da8ac58e6e94d29018/dblp},
  crossref     = {conf/icdm/2012w},
  editor       = {Vreeken, Jilles and Ling, Charles and Zaki, Mohammed Javeed and Siebes, Arno and Yu, Jeffrey Xu and Goethals, Bart and Webb, Geoffrey I. and Wu, Xindong},
  ee           = {http://doi.ieeecomputersociety.org/10.1109/ICDMW.2012.117},
  interhash    = {93dd57e80ba4ec4f054479f709d9167a},
  intrahash    = {c98674a5f61078da8ac58e6e94d29018},
  keywords     = {dblp},
  timestamp    = {2019-10-17T13:01:37.000+0200},
}
@article{doi:10.1080/0022250X.2012.744247,
  title        = {Networks: An Introduction by M. E. J. Newman},
  author       = {Song Yang},
  year         = 2013,
  journal      = {The Journal of Mathematical Sociology},
  publisher    = {Routledge},
  volume       = 37,
  number       = 4,
  pages        = {250--251},
  doi          = {10.1080/0022250X.2012.744247},
  url          = {https://doi.org/10.1080/0022250X.2012.744247},
  eprint       = {https://doi.org/10.1080/0022250X.2012.744247},
}
@inproceedings{groverNode2vecScalableFeature2016,
  title        = {node2vec: Scalable Feature Learning for Networks},
  shorttitle   = {node2vec},
  author       = {Grover, Aditya and Leskovec, Jure},
  year         = 2016,
  month        = jul,
  booktitle    = {Proceedings of the 22nd {ACM} {SIGKDD} International Conference on Knowledge Discovery and Data Mining},
  location     = {New York, {NY}, {USA}},
  publisher    = {Association for Computing Machinery},
  series       = {{KDD} '16},
  pages        = {855--864},
  doi          = {10.1145/2939672.2939754},
  isbn         = {978-1-4503-4232-2},
  url          = {https://doi.org/10.1145/2939672.2939754},
  urldate      = {2022-06-29},
  note         = {arXiv:1607.00653 [cs, stat]},
  date         = {2016-08-13},
  keywords     = {graph embedding, detectability limit},
  annote       = {Comment: In Proceedings of the 22nd ACM SIGKDD International Conference on Knowledge Discovery and Data Mining, 2016},
}
@misc{https://doi.org/10.48550/arxiv.1710.10903,
  title        = {Graph Attention Networks},
  author       = {Veličković, Petar and Cucurull, Guillem and Casanova, Arantxa and Romero, Adriana and Liò, Pietro and Bengio, Yoshua},
  year         = 2017,
  publisher    = {arXiv},
  doi          = {10.48550/ARXIV.1710.10903},
  url          = {https://arxiv.org/abs/1710.10903},
  urldate      = {2022-06-30},
  copyright    = {arXiv.org perpetual, non-exclusive license},
  keywords     = {Machine Learning (stat.ML), Artificial Intelligence (cs.AI), Machine Learning (cs.LG), Social and Information Networks (cs.SI), FOS: Computer and information sciences, FOS: Computer and information sciences},
  eventtitle   = {International Conference on Learning Representations},
  date         = {2022-03-11},
  langid       = {english},
}
@misc{https://doi.org/10.48550/arxiv.2208.00781,
  title        = {Debiasing Deep Chest X-Ray Classifiers using Intra- and Post-processing Methods},
  author       = {Marcinkevičs, Ričards and Ozkan, Ece and Vogt, Julia E.},
  year         = 2022,
  publisher    = {arXiv},
  doi          = {10.48550/ARXIV.2208.00781},
  url          = {https://arxiv.org/abs/2208.00781},
  copyright    = {Creative Commons Attribution 4.0 International},
  keywords     = {Computer Vision and Pattern Recognition (cs.CV), Machine Learning (cs.LG), Machine Learning (stat.ML), FOS: Computer and information sciences, FOS: Computer and information sciences},
}
@article{karrerStochasticBlockmodelsCommunity2011,
  title        = {Stochastic blockmodels and community structure in networks},
  author       = {Karrer, Brian and Newman, M. E. J.},
  volume       = 83,
  number       = 1,
  pages        = {016107},
  doi          = {10.1103/PhysRevE.83.016107},
  url          = {https://link.aps.org/doi/10.1103/PhysRevE.83.016107},
  urldate      = {2022-12-08},
  note         = {Publisher: American Physical Society},
  journaltitle = {Physical Review E},
  shortjournal = {Phys. Rev. E},
  date         = {2011-01-21},
}
@misc{khajehnejadCrossWalkFairnessenhancedNode2022,
  title        = {{CrossWalk}: Fairness-enhanced Node Representation Learning},
  shorttitle   = {{CrossWalk}},
  author       = {Khajehnejad, Ahmad and Khajehnejad, Moein and Babaei, Mahmoudreza and Gummadi, Krishna P. and Weller, Adrian and Mirzasoleiman, Baharan},
  publisher    = {{arXiv}},
  number       = {{arXiv}:2105.02725},
  doi          = {10.48550/arXiv.2105.02725},
  url          = {http://arxiv.org/abs/2105.02725},
  urldate      = {2022-07-26},
  date         = {2022-03-25},
  eprinttype   = {arxiv},
  eprint       = {2105.02725 [cs, stat]},
}
@misc{kipf2017semisupervised,
  title        = {Semi-Supervised Classification with Graph Convolutional Networks},
  author       = {Thomas N. Kipf and Max Welling},
  year         = 2017,
  eprint       = {1609.02907},
  archiveprefix = {arXiv},
  primaryclass = {cs.LG},
}
@inproceedings{kojakuResidual2VecDebiasingGraph2021,
  title        = {Residual2Vec: Debiasing graph embedding with random graphs},
  shorttitle   = {Residual2Vec},
  author       = {Kojaku, Sadamori and Yoon, Jisung and Constantino, Isabel and Ahn, Yong-Yeol},
  booktitle    = {Advances in Neural Information Processing Systems},
  publisher    = {Curran Associates, Inc.},
  volume       = 34,
  pages        = {24150--24163},
  url          = {https://proceedings.neurips.cc/paper/2021/hash/ca9541826e97c4530b07dda2eba0e013-Abstract.html},
  urldate      = {2022-06-30},
  date         = 2021,
}
@inproceedings{mikolovDistributedRepresentationsWords2013,
  title        = {Distributed Representations of Words and Phrases and their Compositionality},
  author       = {Mikolov, Tomas and Sutskever, Ilya and Chen, Kai and Corrado, Greg S and Dean, Jeff},
  booktitle    = {Advances in Neural Information Processing Systems},
  publisher    = {Curran Associates, Inc.},
  volume       = 26,
  url          = {https://proceedings.neurips.cc/paper/2013/hash/9aa42b31882ec039965f3c4923ce901b-Abstract.html},
  urldate      = {2022-06-30},
  date         = 2013,
}
@book{newmanNetworks2018,
  title        = {Networks},
  author       = {Newman, Mark},
  location     = {Oxford, United Kingdom ; New York, {NY}, United States of America},
  publisher    = {Oxford University Press},
  isbn         = {978-0-19-880509-0},
  edition      = {2nd edition},
  pagetotal    = 800,
  date         = {2018-09-19},
}
@online{pagesNikonCameraSays,
  title        = {Nikon Camera Says Asians: People Are Always Blinking - Sociological Images},
  shorttitle   = {Nikon Camera Says Asians},
  author       = {Pages, The Society},
  url          = {https://thesocietypages.org/socimages/2009/05/29/nikon-camera-says-asians-are-always-blinking/},
  urldate      = {2023-01-03},
  langid       = {english},
}
@inproceedings{perozziDeepWalkOnlineLearning2014,
  title        = {{DeepWalk}: online learning of social representations},
  shorttitle   = {{DeepWalk}},
  author       = {Perozzi, Bryan and Al-Rfou, Rami and Skiena, Steven},
  booktitle    = {Proceedings of the 20th {ACM} {SIGKDD} international conference on Knowledge discovery and data mining},
  location     = {New York, {NY}, {USA}},
  publisher    = {Association for Computing Machinery},
  series       = {{KDD} '14},
  pages        = {701--710},
  doi          = {10.1145/2623330.2623732},
  isbn         = {978-1-4503-2956-9},
  url          = {https://doi.org/10.1145/2623330.2623732},
  urldate      = {2022-06-29},
  date         = {2014-08-24},
  keywords     = {graph embedding, detectability limit},
}
@article{persona2vec,
  title        = {Persona2vec: a flexible multi-role representations learning framework for graphs},
  author       = {Yoon, Jisung and Yang, Kai-Cheng and Jung, Woo-Sung and Ahn, Yong-Yeol},
  year         = 2021,
  month        = mar,
  journal      = {PeerJ Computer Science},
  volume       = 7,
  pages        = {e439},
  doi          = {10.7717/peerj-cs.439},
  issn         = {2376-5992},
  url          = {https://doi.org/10.7717/peerj-cs.439},
  keywords     = {Graph embedding, Overlapping community, Social context, Social network analysis, Link prediction},
}
@article{propublicamachinebias,
  title        = {Machine bias},
  author       = {Angwin, Julia and Larson, Jeff and Mattu, Surya and Kirchner, Lauren},
  year         = 2016,
  month        = may,
  day          = 23,
  journal      = {ProPublica},
  url          = {https://perma.cc/L4M4-TJQT},
  bdsk-url-1   = {https://www.propublica.org/article/machine-bias-risk-assessments-in-criminal-sentencing},
}
@inproceedings{qiuNetworkEmbeddingMatrix2018,
  title        = {Network Embedding as Matrix Factorization: Unifying {DeepWalk}, {LINE}, {PTE}, and node2vec},
  shorttitle   = {Network Embedding as Matrix Factorization},
  author       = {Qiu, Jiezhong and Dong, Yuxiao and Ma, Hao and Li, Jian and Wang, Kuansan and Tang, Jie},
  booktitle    = {Proceedings of the Eleventh {ACM} International Conference on Web Search and Data Mining},
  location     = {New York, {NY}, {USA}},
  publisher    = {Association for Computing Machinery},
  series       = {{WSDM} '18},
  pages        = {459--467},
  doi          = {10.1145/3159652.3159706},
  isbn         = {978-1-4503-5581-0},
  url          = {https://doi.org/10.1145/3159652.3159706},
  urldate      = {2022-06-29},
  date         = {2018-02-02},
  keywords     = {graph embedding},
}
@article{rahmanFairwalkFairGraph2019,
  title        = {Fairwalk: Towards Fair Graph Embedding},
  shorttitle   = {Fairwalk},
  author       = {Rahman, Tahleen and Surma, Bartlomiej and Backes, Michael and Zhang, Yang},
  pages        = {3289--3295},
  url          = {https://www.ijcai.org/proceedings/2019/456},
  urldate      = {2022-07-26},
  date         = 2019,
}
@inproceedings{ravfogel-etal-2020-null,
  title        = {Null It Out: Guarding Protected Attributes by Iterative Nullspace Projection},
  author       = {Ravfogel, Shauli  and Elazar, Yanai  and Gonen, Hila  and Twiton, Michael  and Goldberg, Yoav},
  year         = 2020,
  month        = jul,
  booktitle    = {Proceedings of the 58th Annual Meeting of the Association for Computational Linguistics},
  publisher    = {Association for Computational Linguistics},
  address      = {Online},
  pages        = {7237--7256},
  doi          = {10.18653/v1/2020.acl-main.647},
  url          = {https://aclanthology.org/2020.acl-main.647},
}
@misc{rozemberczki2021twitch,
  title        = {Twitch Gamers: a Dataset for Evaluating Proximity Preserving and Structural Role-based Node Embeddings},
  author       = {Benedek Rozemberczki and Rik Sarkar},
  year         = 2021,
  eprint       = {2101.03091},
  archiveprefix = {arXiv},
  primaryclass = {cs.SI},
}
@inproceedings{solaimanProcessAdaptingLanguage2021,
  title        = {Process for Adapting Language Models to Society ({PALMS}) with Values-Targeted Datasets},
  author       = {Solaiman, Irene and Dennison, Christy},
  booktitle    = {Advances in Neural Information Processing Systems},
  publisher    = {Curran Associates, Inc.},
  volume       = 34,
  pages        = {5861--5873},
  url          = {https://proceedings.neurips.cc/paper/2021/hash/2e855f9489df0712b4bd8ea9e2848c5a-Abstract.html},
  urldate      = {2023-01-08},
  date         = 2021,
}
@inproceedings{tangLINELargescaleInformation2015,
  title        = {{LINE}: Large-scale Information Network Embedding},
  shorttitle   = {{LINE}},
  author       = {Tang, Jian and Qu, Meng and Wang, Mingzhe and Zhang, Ming and Yan, Jun and Mei, Qiaozhu},
  booktitle    = {Proceedings of the 24th International Conference on World Wide Web},
  location     = {Republic and Canton of Geneva, {CHE}},
  publisher    = {International World Wide Web Conferences Steering Committee},
  series       = {{WWW} '15},
  pages        = {1067--1077},
  doi          = {10.1145/2736277.2741093},
  isbn         = {978-1-4503-3469-3},
  url          = {https://doi.org/10.1145/2736277.2741093},
  urldate      = {2022-06-24},
  date         = {2015-05-18},
}
@article{xing2021algorithmic,
  title        = {On the algorithmic stability of adversarial training},
  author       = {Xing, Yue and Song, Qifan and Cheng, Guang},
  year         = 2021,
  journal      = {Advances in Neural Information Processing Systems},
  volume       = 34,
  pages        = {26523--26535},
}
@inproceedings{zhao-etal-2018-learning,
  title        = {Learning Gender-Neutral Word Embeddings},
  author       = {Zhao, Jieyu  and Zhou, Yichao  and Li, Zeyu  and Wang, Wei  and Chang, Kai-Wei},
  year         = 2018,
  month        = oct # {-} # nov,
  booktitle    = {Proceedings of the 2018 Conference on Empirical Methods in Natural Language Processing},
  publisher    = {Association for Computational Linguistics},
  address      = {Brussels, Belgium},
  pages        = {4847--4853},
  doi          = {10.18653/v1/D18-1521},
  url          = {https://aclanthology.org/D18-1521},
}
@article{cimini2019statistical,
  title={The statistical physics of real-world networks},
  author={Cimini, Giulio and Squartini, Tiziano and Saracco, Fabio and Garlaschelli, Diego and Gabrielli, Andrea and Caldarelli, Guido},
  journal={Nature Reviews Physics},
  volume={1},
  number={1},
  pages={58--71},
  year={2019},
  publisher={Nature Publishing Group UK London}
}
@article{bardoscia2021physics,
  title={The physics of financial networks},
  author={Bardoscia, Marco and Barucca, Paolo and Battiston, Stefano and Caccioli, Fabio and Cimini, Giulio and Garlaschelli, Diego and Saracco, Fabio and Squartini, Tiziano and Caldarelli, Guido},
  journal={Nature Reviews Physics},
  volume={3},
  number={7},
  pages={490--507},
  year={2021},
  publisher={Nature Publishing Group UK London}
}